
@article{王晨捷2020无人机视觉,
	title={无人机视觉 SLAM 协同建图与导航},
	author={王晨捷 and 罗斌 and 李成源 and 王伟 and 尹露 and 赵青},
	year={2020},
	publisher={测绘学报}
}


@mastersthesis{高家隆2019多无人机协同定位与建图技术研究,
	title={多无人机协同定位与建图技术研究},
	author={高家隆},
	year={2019},
	school={国防科技大学}
}

@phdthesis{杨明2000基于激光雷达的移动机器人环境建模与避障,
	title={基于激光雷达的移动机器人环境建模与避障},
	author={杨明 and 王宏 and 何克忠 and 张钹 and others},
	year={2000}
}

@article{任伟建2022移动机器人同步定位与建图技术综述,
	title={移动机器人同步定位与建图技术综述},
	author={任伟建 and 高强 and 康朝海 and 霍凤财 and 张志强},
	journal={计算机测量与控制},
	volume={30},
	number={2},
	pages={1--10},
	year={2022}
}

@inproceedings{karrer2021distributed,
	title={Distributed variable-baseline stereo SLAM from two UAVs},
	author={Karrer, Marco and Chli, Margarita},
	booktitle={2021 IEEE International Conference on Robotics and Automation (ICRA)},
	pages={82--88},
	year={2021},
	organization={IEEE}
}

@inproceedings{rublee2011orb,
	title={ORB: An efficient alternative to SIFT or SURF},
	author={Rublee, Ethan and Rabaud, Vincent and Konolige, Kurt and Bradski, Gary},
	booktitle={2011 International conference on computer vision},
	pages={2564--2571},
	year={2011},
	organization={Ieee}
}

@Book{Gao2017SLAM,
	title={视觉SLAM十四讲：从理论到实践}, 
	publisher = {电子工业出版社}, 
	year = {2017}, 
	author = {高翔 and 张涛 and 刘毅 and 颜沁睿}, 
	lang = {zh} }


@article{avrutov2017calibration,
	title={Calibration of an inertial measurement unit},
	author={Avrutov, VV and Sapegin, AN and Stefanishin, ZS and Tsisarzh, VV},
	journal={International Applied Mechanics},
	volume={53},
	number={2},
	pages={228--236},
	year={2017},
	publisher={Springer}
}

@article{qin2018vins,
	title={Vins-mono: A robust and versatile monocular visual-inertial state estimator},
	author={Qin, Tong and Li, Peiliang and Shen, Shaojie},
	journal={IEEE Transactions on Robotics},
	volume={34},
	number={4},
	pages={1004--1020},
	year={2018},
	publisher={IEEE}
}

@inproceedings{forster2013collaborative,
	title={Collaborative monocular slam with multiple micro aerial vehicles},
	author={Forster, Christian and Lynen, Simon and Kneip, Laurent and Scaramuzza, Davide},
	booktitle={2013 IEEE/RSJ International Conference on Intelligent Robots and Systems},
	pages={3962--3970},
	year={2013},
	organization={IEEE}
}

@article{schmuck2019ccm,
	title={CCM-SLAM: Robust and efficient centralized collaborative monocular simultaneous localization and mapping for robotic teams},
	author={Schmuck, Patrik and Chli, Margarita},
	journal={Journal of Field Robotics},
	volume={36},
	number={4},
	pages={763--781},
	year={2019},
	publisher={Wiley Online Library}
}

@article{mur2017orb,
	title={Orb-slam2: An open-source slam system for monocular, stereo, and rgb-d cameras},
	author={Mur-Artal, Raul and Tard{\'o}s, Juan D},
	journal={IEEE transactions on robotics},
	volume={33},
	number={5},
	pages={1255--1262},
	year={2017},
	publisher={IEEE}
}

@inproceedings{meier2015px4,
	title={PX4: A node-based multithreaded open source robotics framework for deeply embedded platforms},
	author={Meier, Lorenz and Honegger, Dominik and Pollefeys, Marc},
	booktitle={2015 IEEE international conference on robotics and automation (ICRA)},
	pages={6235--6240},
	year={2015},
	organization={IEEE}
}



